@article{DickeSR,
  title = {Coherence in Spontaneous Radiation Processes},
  author = {Dicke, R. H.},
  journal = {Phys. Rev.},
  volume = {93},
  issue = {1},
  pages = {99--110},
  numpages = {0},
  year = {1954},
  month = {Jan},
  publisher = {American Physical Society},
  doi = {10.1103/PhysRev.93.99},
  url = {http://link.aps.org/doi/10.1103/PhysRev.93.99}
}
